
@article{1,
author={Vitalik Buterin},
title={Ethereum: a next generation smart
contract and decentralized application platform},
url ={http://ethereum. org/ethereum.html},
year=2013
}
@article{2,
	author={Gavin Wood},
	title={Ethereum: A secure decentralised generalised transaction ledger.Ethereum Project Yellow Paper},
	url ={http://ethereum. org/ethereum.html},
	year=2014
}
@article{3,
	author={Garrick Hileman, Michel Rauchs},
	title={Global Cryptocurrency Benchmarking Study},
	url={https://www.jbs.cam.ac.uk/fileadmin/user_upload/research/centres/alternative-finance/downloads/2017-global-cryptocurrency-benchmarking-study.pdf},
	year=2017
}
@article{4,
	author={Wang, Zhou, Wang, Finestone},
	title={Loopring: A Decentralized Token Exchange Protocol},
	url={https://github.com/Loopring/whitepaper/blob/master/en_whitepaper.pdf},
	year=2018
}
@article{5,
	author={Will Warren, Amir Bandeali},
	title={0x: An open protocol for decentralized exchange on
	the Ethereum blockchain},
	url={https://0xproject.com/pdfs/0x_white_paper.pdf},
	year=2017
}
@article{6,
	author={Malavolta, Pedro Moreno-Sanchez, Aniket Kate
	Matteo Maffei, Srivatsan Ravi},
	title={Concurrency and Privacy with Payment-Channel Networks},
	url={https://eprint.iacr.org/2017/820.pdf},
	year=2017
}
@article{7,
	author={Eyal Hertzog, Guy Benartzi, Galia Benartzi},
	title={Bancor Protocol: Continuous Liquidity for Cryptographic Tokens through their Smart Contracts},
	url={https://storage.googleapis.com/website-bancor/
	2018/04/01ba8253-bancor_protocol_whitepaper_en.pdf},
	year=2018
}
@article{8,
	author={Sepandar D. Kamvar Mario T. Schlosser Hector Garcia-Molina},
	title={The EigenTrust Algorithm for Reputation Management in
	P2P Networks},
	url={http://ilpubs.stanford.edu:8090/562/1/2002-56.pdf},
	year=2018
}
@article{9,
	author={Komodo},
	title={An Advanced Blockchain Technology, Focused on Freedom},
	url={https://komodoplatform.com/wp-content/uploads/
	2018/05/2018-05-09-Komodo-White-Paper-Full.pdf},
	year=2018
}
@article{10,
	author={ARK},
	title={A platform for consumer adoption},
	url={https://ark.io/Whitepaper.pdf},
	year=2018
}

@article{11,
	author={Duncan, Quale, Morrisson},
	title={Halo Platform},
	url={https://www.haloplatform.tech/assets/Halo-Whitepaper.pdf},
	year=2018
}
@article{12,
	author={Quoine Liquid},
	title={Providing liquidity to the non-LIQUID
	Crypto Economy},
	url={https://s3-ap-southeast-1.amazonaws.com/liquid-site/quoine-liquid_v1.9.pdf},
	year=2018
}
@article{13,
	author={EOS.IO},
	title={EOS.IO Technical White Paper v2},
	url={URL:https://github.com/EOSIO/Documentation/blob/master/TechnicalWhitePaper.md},
	year=2018
}
@article{14,
	author={SingularityNET},
	title={A decentralized, open market
	and inter-network for AIs},
	url={URL:https://public.singularitynet.io/whitepaper.pdf},
	year=2018
}
@article{15,
	author={Timo Hanke, Mahnush Movahedi and Dominic Williams},
	title={DFINITY Technology Overview Series
	Consensus System},
	url={URL:https://dfinity.org/pdf-viewer/pdfs/viewer?file=../library/dfinity-consensus.pdf},
	year=2018
}

@article{16,
	author={Diego Ongaro, John Ousterhout},
	title={In Search of an Understandable Consensus Algorithm},
	url={https://raft.github.io/raft.pdf},
	year=2018
}

@article{17,
	author={Aelf},
	title={A Multi-Chain Parallel Computing
	Blockchain Framework},
	url={https://grid.hoopox.com/%C3%A6lf_whitepaper_v1.2.pdf},
	year=2018
}

@article{18,
	author={BlockColliderTeam},
	title={Block Collider White Paper},
	url={https://s3.amazonaws.com/blockcollider/blockcollider_wp.pdf},
	year=2018
}

@article{19,
	author={Sylvain Cormier},
	title={A machine based societal model for curbing citizen cynicism},
	url={https://github.com/sylvaincormier/augmented-democracy/blob/master/augmented-democracy.pdf},
	year=2017
}












