@article{1,
	author={Thomas Earl},
	title={SOA principles of service design},
	url={http://ptgmedia.pearsoncmg.com/images/9780132344821/samplepages/9780132344821.pdf},
	year=2016
}
@article{2,
	author={blockchainhub.net},
	title={blockchain-oracles},
	url={https://blockchainhub.net/blockchain-oracles},
	year=2017
}
@article{3,
	author={EOS.IO},
	title={EOS.IO Technical White Paper v2},
	url={URL:https://github.com/EOSIO/Documentation/blob/master/TechnicalWhitePaper.md},
	year=2018
}


@article{4,
	author={Vitalik Buterin},
	title={Ethereum: a next generation smart
	contract and decentralized application platform},
	url ={http://ethereum. org/ethereum.html},
	year=2013
}
@article{5,
	author={Gavin Wood},
	title={Ethereum: A secure decentralised generalised transaction ledger.Ethereum Project Yellow Paper},
	url ={http://ethereum. org/ethereum.html},
	year=2014
}
@article{6,
	author={Garrick Hileman, Michel Rauchs},
	title={Global Cryptocurrency Benchmarking Study},
	url={https://www.jbs.cam.ac.uk/fileadmin/user_upload/research/centres/alternative-finance/downloads/2017-global-cryptocurrency-benchmarking-study.pdf},
	year=2017
}
@article{7,
	author={Zhou, Wang, Finestone},
	title={Loopring: A Decentralized Token Exchange Protocol},
	url={https://github.com/Loopring/whitepaper/blob/master/en_whitepaper.pdf},
	year=2018
}
@article{8,
	author={Will Warren, Amir Bandeali},
	title={0x: An open protocol for decentralized exchange on the Ethereum blockchain},
	url={https://0xproject.com/pdfs/0x_white_paper.pdf},
	year=2017
}
@article{9,
	author={M.P.M-S, Aniket Kate
	Matteo Maffei, Srivatsan Ravi},
	title={Concurrency and Privacy with Payment-Channel Networks},
	url={https://eprint.iacr.org/2017/820.pdf},
	year=2017
}
@article{10,
	author={Eyal Hertzog, Guy Benartzi, Galia Benartzi},
	title={Bancor Protocol: Continuous Liquidity for Cryptographic Tokens through their Smart Contracts},
	url={https://storage.googleapis.com/website-bancor/
	2018/04/01ba8253-bancor_protocol_whitepaper_en.pdf},
	year=2018
}
@article{11,
	author={Sepandar D. Kamvar Mario T. Schlosser Hector Garcia-Molina},
	title={The EigenTrust Algorithm for Reputation Management in
	P2P Networks},
	url={http://ilpubs.stanford.edu:8090/562/1/2002-56.pdf},
	year=2018
}
@article{12,
	author={Komodo},
	title={An Advanced Blockchain Technology, Focused on Freedom},
	url={https://komodoplatform.com/wp-content/uploads/
	2018/05/2018-05-09-Komodo-White-Paper-Full.pdf},
	year=2018
}
@article{13,
	author={ARK},
	title={A platform for consumer adoption},
	url={https://ark.io/Whitepaper.pdf},
	year=2018
}

@article{14,
	author={Duncan, Quale, Morrisson},
	title={Halo Platform},
	url={https://www.haloplatform.tech/assets/Halo-Whitepaper.pdf},
	year=2018
}
@article{15,
	author={Quoine Liquid},
	title={Providing liquidity to the non-LIQUID
	Crypto Economy},
	url={https://s3-ap-southeast-1.amazonaws.com/liquid-site/quoine-liquid_v1.9.pdf},
	year=2018
}

@article{16,
	author={SingularityNET},
	title={A decentralized, open market
	and inter-network for AIs},
	url={URL:https://public.singularitynet.io/whitepaper.pdf},
	year=2018
}
@article{17,
	author={Timo Hanke, Mahnush Movahedi and Dominic Williams},
	title={DFINITY Technology Overview Series
	Consensus System},
	url={URL:https://dfinity.org/pdf-viewer/pdfs/viewer?file=../library/dfinity-consensus.pdf},
	year=2018
}

@article{18,
	author={Diego Ongaro, John Ousterhout},
	title={In Search of an Understandable Consensus Algorithm},
	url={https://raft.github.io/raft.pdf},
	year=2018
}

@article{19,
	author={Aelf},
	title={A Multi-Chain Parallel Computing
	Blockchain Framework},
	url={https://grid.hoopox.com/%C3%A6lf_whitepaper_v1.2.pdf},
	year=2018
}

@article{20,
	author={BlockColliderTeam},
	title={Block Collider White Paper},
	url={https://s3.amazonaws.com/blockcollider/blockcollider_wp.pdf},
	year=2018
}

@article{21,
	author={Sylvain Cormier},
	title={A machine based societal model for curbing citizen cynicism},
	url={https://github.com/sylvaincormier/augmented-democracy/blob/master/augmented-democracy.pdf},
	year=2017
}

@article{22,
	author={Kay Kurokawa},
	title={Atomic Cross Chain Transfer, an Overview},
	url={http://www.kkurokawa.com/2015/10/atomic-cross-chain-transfer-overview.html},
	year=2015
}

@article{23,
	author={Pierre Chevalier, Bart lomiej Kami´nski, Fraser Hutchison, Qi Ma,
	Spandan Sharma},
	title={Protocol for Asynchronous, Reliable, Secure and
	Efficient Consensus (PARSEC)},
	url={http://docs.maidsafe.net/Whitepapers/pdf/PARSEC.pdf},
	year=2018
}
@article{24,
	author={Leslie Lamport},
	title={The Part Time Parliament},
	url={https://lamport.azurewebsites.net/pubs/lamport-paxos.pdf},
	year=1998
}
@article{25,
	author={Dan Larimer},
	title={eosio.boot telegram chat},
	url={eosio.boot telegram chat},
	year=2018
}


@article{25,
	author={David Gross},
	title={Why you should use Boost.MultiIndex },
	url={http://david-grs.github.io/why_boost_multi_index_container-part1/},
	year=2016
}

@article{25,
	author=Rosario Gennaro, Steven Goldfeder,  Arvind Narayanan},
	title={Threshold-optimal DSA/ECDSA signatures and an application to Bitcoin wallet security },
	url={https://eprint.iacr.org/2016/013.pdf},
	year=2016
}

@article{26,
	author=Yahya Hassanzadeh-Nazarabadi, Alptekin Ku ̈p ̧cu ̈, and Oznur Ozkasap},
title={LightChain: A DHT-based Blockchain for Resource Constrained Environments},
url={https://www.researchgate.net/publication/332104732_LightChain_A_DHT-based_Blockchain_for_Resource_Constrained_Environments},
year=2019
}

@article{27,
	author=Matteo Bernardinia, Diego Penninob, and Maurizio Pizzoniac},
title={ Blockchains Meet Distributed Hash Tables: Decoupling Validation from State Storage},
url={https://arxiv.org/abs/1904.01935},
year=2019
}









